% This file was created with JabRef 2.5.
% Encoding: UTF-8
% See the "IEEEtran_bst_HOWTO.pdf" manual for usage information.

@online{crowdstrike_executive_summary,
  title = {Resumo executivo do Arquivo de Canal 291 RCA},
  author = {{CrowdStrike}},
  year = {2024},
  url = {https://www.crowdstrike.com.br/channel-file-291-rca-executive-summary/},
  urldate = {2024-09-30},
}

@online{migalhas_bug_2024,
  title = {O bug do ano 2024: Risco sistêmico das tecnologias},
  author = {{Migalhas}},
  year = {2024},
  url = {https://www.migalhas.com.br/depeso/412010/o-bug-do-ano-2024-risco-sistemico-das-tecnologias},
  urldate = {2024-09-30},
}

@online{correio_brasiliense_crowdstrike,
  title = {CrowdStrike divulga relatório sobre causa do apagão cibernético global},
  author = {{Correio Brasiliense}},
  year = {2024},
  url = {https://www.correiobraziliense.com.br/economia/2024/07/6905695-crowdstrike-divulga-relatorio-sobre-causa-do-apagao-cibernetico-global.html},
  urldate = {2024-09-30},
}

@online{crowdstrike_conformidade,
  title = {CrowdStrike Conformidade e Certificação},
  author = {{CrowdStrike}},
  year = {2024},
  url = {https://www.crowdstrike.com.br/por-que-crowdstrike/certificacoes-de-conformidade-crowdstrike/},
  urldate = {2024-10-01},
}

@online{sankhya_cmmi,
  title = {CMMI: o que é e para o que serve?},
  year = {2024},
  url = {https://www.sankhya.com.br/blog/cmmi-capability-maturity-model-integration/},
  urldate = {2024-10-01},
}

@online{kalinowski_mps_br,
  title = {MPS.BR - Melhoria do Processo de Software Brasileiro},
  year = {2024},
  url = {https://www-di.inf.puc-rio.br/~kalinowski/publications/MPSBR_Guia_Geral.pdf},
  urldate = {2024-10-01},
}

@online{forbes_apagao_julho,
  title = {CrowdStrike revela o que causou o apagão cibernético de julho},
  year = {2024},
  url = {https://forbes.com.br/forbes-tech/2024/08/crowdstrike-revela-o-que-causou-o-apagao-cibernetico-de-julho/},
  urldate = {2024-10-01},
}

@online{KB5042426,
title = {KB5042426: CrowdStrike issue impacting Windows servers causing an 0x50 or 0x7E error message on a blue screen},
url = {https://support.microsoft.com/en-us/topic/0d7741f7-aca1-4487-8a54-bd431cb49455},
urldate = {2024-10-01},
year = {2024},
}

@online{KB5042421,
title = {KB5042421: problema do CrowdStrike que afeta pontos de extremidade do Windows causando uma mensagem de erro 0x50 ou 0x7E em uma tela azul},
url = {https://support.microsoft.com/help/5042421},
urldate = {2024-10-01},
year = {2024},
}

